@Book{1,
  author =	 {Popov, Yu. A.},
  title =	 {Theory of Interaction of Metals a Corrosive
                  Environment: Monography},
  publisher =	 {Cambridge International Science Publishing},
  year =	 {1998},
  numpages =	 278,
  language =	 {english}
}

@Book{2,
  author =	 {Фольмер, М.},
  title =	 {Кинетика образования новой фазы},
  address =	 {М.},
  publisher =	 {Наука},
  year =	 1986,
  numpages =	 205,
  language =	 {russian}
}

@Book{3,
  author =	 {Левич, В. В.},
  title =	 {Физико-химическая гидродинамика},
  address =	 {М.},
  publisher =	 {Наука},
  year =	 1972,
  numpages =	 735,
  language =	 {russian}
}

@Book{4,
  author =	 {Тихонов, А. Н. and Самарский, А. А.},
  title =	 {Уравнения математической физики},
  address =	 {М.},
  publisher =	 {ГИТТЛ},
  year =	 1951,
  numpages =	 659,
  language =	 {russian}
}

%%% Local Variables:
%%% mode: bibtex
%%% coding: cp1251-unix
%%% End:
