@Techreport{CBM,
  OPTauthor =	 {The CBM Collaboration},
  title =	 {The CBM Collaboration. Compressed Baryonic Matter Experiment. Technical
                  Status Report.},
  institution =	 {GSI},
  address =	 {Darmstadt},
  year =	 2005,
  url =		 {http://www.gsi.de/documents/DOC-2005-Feb-447-1.pdf},
  language =	 {english}
}

@Article{L&O,
  author =	 {S. A. Lebedev and G. A. Ososkov},
  title =	 {Fast Algorithms for Ring Recognition and Electron
                  Indentification in the RICH Detector of the CBM
                  Experiment},
  journal =	 {Physics of Particles and Nuclei, Letters},
  year =	 2009,
  volume =	 6,
  number =	 {2(151)},
  language =	 {english},
  pages =	 {258-282}
}

@Article{Agak,
  author =	 {G. Agakichieva and others},
  title =	 {Cherenkov Ring Fitting Techniques for the CERES RICH
                  Detectors},
  journal =	 {NIM in Phys. Res. Sec. A},
  year =	 1996,
  volume =	 371,
  number =	 {1-2},
  language =	 {english},
  pages =	 {243-247}
}

@Article{CKO,
  author =	 {N. Chernov and E. Kolganov and G. Ososkov},
  title =	 {Robust Methods for RICH Ring Recognition and
                  Particle Identification},
  journal =	 {NIM in Phys. Res. Sec. A},
  year =	 1999,
  volume =	 433,
  number =	 {1--2},
  language =	 {english},
  pages =	 {274-278}
}

@Article{Lester,
  author =	 {C. G. Lester},
  title =	 {Trackless Ring Identification and Pattern
                  Recognition in Ring Imaging Cherenkov (RICH)
                  Detectors},
  journal =	 {NIM in Phys. Res. Sec. A},
  year =	 2006,
  volume =	 560,
  number =	 2,
  language =	 {english},
  pages =	 {621-632}
}

@Article{COS,
  author =	 {N. Chernova and G. Ososkov and I. Silin},
  title =	 {Robust Fitting of Ellipses to Non-Complete and
                  Contaminated Data},
  journal =	 {Czech. J. Phys.},
  year =	 2000,
  volume =	 50,
  number =	 {S1},
  language =	 {english},
  pages =	 {347-354}
}

@Article{Tau,
  author =	 {G. Taubin},
  title =	 {Estimation of Planar Curves, Surfaces and Nonplanar
                  Space Curves Defined by Implicit Equations, with
                  Applications to Edge and Range Image Segmentation},
  journal =	 {IEEE Trans. Pattern Analysis Machine Intelligence},
  year =	 1991,
  volume =	 13,
  number =	 11,
  language =	 {english},
  pages =	 {1115-1138}
}

@Manual{Minuit,
  author =	 {F. James},
  title =	 {MINUIT. CERN Program Library Long Write Up},
  organisation = {CERN},
  note =	 {D506},
  language =	 {english}
}

@Article{UrQMD,
  author =	 {S. A. Bass and others},
  title =	 {Microscopic Models for Ultrarelativistic Heavy Ion
                  Collisions},
  journal =	 {Prog. Part. Nucl. Phys.},
  year =	 1998,
  volume =	 41,
  language =	 {english},
  pages =	 {225-370}
}

@Article{GEANT,
  author =	 {J. Allison and others},
  title =	 {Geant4 Developments and Applications, Nuclear
                  Sciences},
  journal =	 {IEEE Transactions on Nuclear Science},
  year =	 2006,
  volume =	 53,
  language =	 {english},
  pages =	 {270-278}
}

@Article{Sam,
  author =	 {P. D. Sampson},
  title =	 {Fitting Conic Sections to very Scattered Data: an
                  Iterative Refinement of the Bookstein Algorithm},
  journal =	 {Computer Graphics and Image Processing},
  year =	 1982,
  volume =	 18,
  language =	 {english},
  pages =	 {97-108}
}

@Article{Zh,
  author =	 {Z. Zhang},
  title =	 {Parameter Estimation Techniques: A Tutorial with
                  Application to Conic Fitting},
  journal =	 {International Journal of Image and Vision Computing},
  year =	 1997,
  volume =	 15,
  language =	 {english},
  pages =	 {59-76}
}

@Misc{FairRoot1,
title={FairRoot --- Simulation and Analysis Framework},
  url =		 {http://fairroot.gsi.de/},
  language =	 {english}
}

@Article{FairRoot2,
  author =	 {D. Bertini and M. Al-Turany and I. Koenig and F. Uhlig},
  title =	 {The FAIR Simulation and Analysis Framework},
  journal =	 {Journal of Physics: Conference Series},
  year =	 2008,
  volume =	 119,
  language =	 {english},
  note =	 {In CHEP'07. IOP Publishing 032011}
}

%%% Local Variables:
%%% mode: bibtex
%%% coding: cp1251-unix
%%% End: