@Book{lit1,
  author =	 {И. Д. Медведовский and П. В. Семьянов and
                  В. В. Платонов},
  title =	 {Атака через Internet},
  address =	 {М.},
  publisher =	 {НПО Мир и семья-95},
  year =	 1997,
  language =	 {russian}
}

@Misc{lit2,
  author =	 {Ю. В. Романец and П. А. Тимофеев and В. Ф. Шаньгин },
  title =	 {Защита информации в компьютерных системах и сетях},
  language =	 {russian}
}

%%% Local Variables:
%%% mode: bibtex
%%% coding: utf-8-unix
%%% End:
