@comment{It is strongly recommended to use BibLaTeX for these entries}

@inproceedings{:ITTMM2018,
title = {Preface},
author = {},
pages = {1--2},
url = {http://ceur-ws.org/Vol-XXX/#preface},
crossref = {ITTMM2018},
}

@inproceedings{:ITTMM2018,
title = {Committees},
author = {},
pages = {3--3},
url = {http://ceur-ws.org/Vol-XXX/#committees},
crossref = {ITTMM2018},
}

@inproceedings{Gorshenin:ITTMM2018,
title = {
Investigation of Parameters of Meteorological Models Based on Patterns
},
author = {Andrey K. Gorshenin},
pages = {4--10},
url = {http://ceur-ws.org/Vol-XXX/#paper-01-a005},
crossref = {ITTMM2018},
}

@inproceedings{RykovEtAl:ITTMM2018,
title = {
Mobility Simulation of Connected Objects in a Heterogeneous Wireless Data Transmission System
},
author = {Vladimir V. Rykov and Victoriya Kimenchezhi and Dmitry V. Kozyrev},
pages = {11--18},
url = {http://ceur-ws.org/Vol-XXX/#paper-02-c010},
crossref = {ITTMM2018},
}

@inproceedings{SevastianovEtAl:ITTMM2018,
title = {
Some Characteristic Properties of Resource Distribution
  Nonuniformity in Economic Systems
},
author = {Leonid A. Sevastianov and Alexander V. Kryanev and Daria E. Sliva and Valentin V. Matokhin},
pages = {19--24},
url = {http://ceur-ws.org/Vol-XXX/#paper-03-c004},
crossref = {ITTMM2018},
}

@inproceedings{KulyabovEtAl:ITTMM2018,
title = {
Numerical Analysis of Eikonal Equation
Software Implementation of the Eikonal Equation
},
author = {Dmitry S. Kulyabov and Migran N. Gevorkyan and Anna V. Korolkova and Dmitry S. Kulyabov and Migran N. Gevorkyan and Anna V. Korolkova},
pages = {25--32},
url = {http://ceur-ws.org/Vol-XXX/#paper-04-e001},
crossref = {ITTMM2018},
}

@inproceedings{DemidovaEtAl:ITTMM2018,
title = {
Designing Multidimensional Information Systems Using the Data Vault Methodology
},
author = {Anastasiya V. Demidova and Yevgeny A. Kuznetsov and Maxim  B. Fomin},
pages = {33--39},
url = {http://ceur-ws.org/Vol-XXX/#paper-05-d004},
crossref = {ITTMM2018},
}

@inproceedings{SevastianovEtAl:ITTMM2018,
title = {
Estimation of Heavy Tail Dependence Based on Copulas
  for the Precipitation Analysis
},
author = {Leonid A. Sevastianov and Nikita D. Rassakhan and Eugeny Yu. Shchetinin},
pages = {40--45},
url = {http://ceur-ws.org/Vol-XXX/#paper-06-a003},
crossref = {ITTMM2018},
}

@inproceedings{RomashkovaEtAl:ITTMM2018,
title = {
Application of Information Technology for the Analysis of the Rating of University
},
author = {Oksana N. Romashkova and Yulia V. Gaidamaka and Ludmila A. Ponomareva and Igor P. Vasilyuk},
pages = {46--53},
url = {http://ceur-ws.org/Vol-XXX/#paper-07-1010},
crossref = {ITTMM2018},
}

@inproceedings{GudkovaEtAl:ITTMM2018,
title = {
Determination of the Range of the Guaranteed Radio Communication in Wireless Telecommunication Networks of IEEE 802.11 Standard with the Use of Ping Program
},
author = {Irina A. Gudkova and Oksana N. Romashkova and Vyacheslav E. Samoylov},
pages = {54--59},
url = {http://ceur-ws.org/Vol-XXX/#paper-08-1060},
crossref = {ITTMM2018},
}

@inproceedings{ZaripovaEtAl:ITTMM2018,
title = {
Vectorial Problem on Combinations on Hypergraphs
},
author = {Elvira  R. Zaripova and Soltan I. Salpagarov and Leonid M. Goncharov and Alexander S. Pankratov},
pages = {60--66},
url = {http://ceur-ws.org/Vol-XXX/#paper-09-c009},
crossref = {ITTMM2018},
}

@inproceedings{SinitsynEtAl:ITTMM2018,
title = {
Success Access Probability Analysis Using Virtual Preambles Via Random Access Channel
},
author = {Ivan E. Sinitsyn and Elvira  R. Zaripova and Yulia V. Gaidamaka and Vsevolod S. Shorgin},
pages = {67--74},
url = {http://ceur-ws.org/Vol-XXX/#paper-10-a002},
crossref = {ITTMM2018},
}

@inproceedings{SopinEtAl:ITTMM2018,
title = {
On the Simulations of the Limited Resources Queueing Systems
},
author = {Eduard S. Sopin and Konstantin E. Samouylov and Sergey Ya. Shorgin},
pages = {75--82},
url = {http://ceur-ws.org/Vol-XXX/#paper-11-c007},
crossref = {ITTMM2018},
}

@inproceedings{DemidovaEtAl:ITTMM2018,
title = {
Application of the Phase Analysis of Time Series for the
  Identification of Macroeconomic Cycles Based on the Dynamics of the
  Exchange Rates
},
author = {Anastasiya V. Demidova and Elena A. Teveleva and Nikolay P. Tretyakov and Alexandre Ya. Terletsky},
pages = {83--89},
url = {http://ceur-ws.org/Vol-XXX/#paper-12-c002},
crossref = {ITTMM2018},
}

@inproceedings{GevorkyanEtAl:ITTMM2018,
title = {
Automatic Code Generation for Stochastic Runge--Kutta Methods
},
author = {M. N. Gevorkyan and A. V. Demidova and A. V. Korolkova and D. S. Kulyabov},
pages = {90--100},
url = {http://ceur-ws.org/Vol-XXX/#paper-13-e002},
crossref = {ITTMM2018},
}

@proceedings{ITTMM2018,
booktitle = {Selected Papers of the VIII-th International Conference
    ``Information and Telecommunication Technologies and Mathematical
    Modeling of High-Tech Systems'' (ITTMM-2018) (ITTMM)},
title = {Proceedings of the Selected Papers of the VIII-th International Conference
    ``Information and Telecommunication Technologies and Mathematical
    Modeling of High-Tech Systems'' (ITTMM-2018) (ITTMM)},
year = 2018,
editor = {Dmitry S. Kulyabov and Konstantin E. Samouylov and Leonid A. Sevastianov},
number = XXX,
series = {CEUR Workshop Proceedings},
address = {Aachen},
issn = {1613-0073},
url = {http://ceur-ws.org/Vol-XXX/},
venue = {Moscow, Russian},
eventdate = {2018-04-16},
}

