@comment{It is strongly recommended to use BibLaTeX for these entries}

@inproceedings{CarrollLewis:FooBar2013,
title = {title of first paper},
author = {Alice Carroll and Bob Lewis},
pages = {2--6},
url = {http://ceur-ws.org/Vol-XXX/#paper-01},
crossref = {FooBar2013},
}

@inproceedings{CarrollLewis:FooBar2013,
title = {title of second paper},
author = {Alice Carroll and Bob Lewis},
pages = {7--10},
url = {http://ceur-ws.org/Vol-XXX/#paper-02},
crossref = {FooBar2013},
}

@proceedings{FooBar2013,
booktitle = {24th International Workshop on Bargaining for Food (FooBar)},
title = {Proceedings of the 24th International Workshop on Bargaining for Food (FooBar)},
year = 2013,
editor = {Anonymous and Alice Carroll and Christoph Lange},
number = XXX,
series = {CEUR Workshop Proceedings},
address = {Aachen},
issn = {1613-0073},
url = {http://ceur-ws.org/Vol-XXX/},
venue = {Bremen, Germany},
eventdate = {2013-06-18},
}

