@ARTICLE{1,
  AUTHOR =	 {Aslam, Noor M. and Ahmad, F.},
  TITLE =	 {Numerical Comparison of Iterative Methods for
                  Solving Nonlinear Equations},
  JOURNAL =	 {Appl. Math. Comput.},
  YEAR =	 2006,
  volume =	 180,
  pages =	 {167--172},
  language =	 {english}
}

@ARTICLE{2,
  AUTHOR =	 {Aslam, Noor M. and Inayat, Noor K.},
  TITLE =	 {Three-Step Iterative Methods for Nonlinear
                  Equations},
  JOURNAL =	 {Appl. Math. Comput.},
  YEAR =	 2006,
  volume =	 183,
  pages =	 {322--327},
  language =	 {english}
}

@ARTICLE{3,
  AUTHOR =	 {Aslam, Noor M. and Inayat, Noor K.},
  TITLE =	 {Some Iterative Schemes for Nonlinear Equations},
  JOURNAL =	 {Appl. Math. Comput.},
  YEAR =	 2006,
  volume =	 183,
  pages =	 {774--779},
  language =	 {english}
}

@ARTICLE{4,
  AUTHOR =	 {Aslam, Noor M. and Inayat, Noor K. and Mohynd-Din,
                  S. T. and Shabbir, A.},
  TITLE =	 {An Iterative Method with Cubic Convergence for
                  Nonlinear Equations},
  JOURNAL =	 {Appl. Math. Comput.},
  YEAR =	 2006,
  volume =	 183,
  pages =	 {1249--1255},
  language =	 {english}
}

@ARTICLE{6,
  AUTHOR =	 {Ezquerro, J. A. and Hern\'andez, M. A.},
  TITLE =	 {On Halley-Type Iterations with Free Second
                  Derivative},
  JOURNAL =	 {J. Comput. Appl. Math.},
  YEAR =	 2004,
  volume =	 170,
  pages =	 {455--459},
  language =	 {english}
}

@ARTICLE{9,
  AUTHOR =	 {Kou, J. and Li, Y. and Wang, X.},
  TITLE =	 {Modified Halley’s Method Free from Second
                  Derivative},
  JOURNAL =	 {Appl. Math. Comput.},
  YEAR =	 2006,
  volume =	 183,
  pages =	 {704--708},
  language =	 {english}
}

@ARTICLE{5,
  AUTHOR =	 {Chen, J.},
  TITLE =	 {Some New Iterative Methods with Three-Order
                  Convergence},
  JOURNAL =	 {Appl. Math. Comput.},
  YEAR =	 2006,
  volume =	 181,
  pages =	 {1519--1522},
  language =	 {english}
}

@ARTICLE{7,
  AUTHOR =	 {Homeier, H.~H.~H.},
  TITLE =	 {On Newton-Type Methods with Cubic Convergence},
  JOURNAL =	 {J. Comput. Appl. Math.},
  YEAR =	 2005,
  volume =	 176,
  pages =	 {425--432},
  language =	 {english}
}

@ARTICLE{8,
  AUTHOR =	 {Kou, J. and Li, Y. and Wang, X.},
  TITLE =	 {A Modification of Newton Method with Third-Order
                  Convergence},
  JOURNAL =	 {Appl. Math. Comput.},
  YEAR =	 2006,
  volume =	 181,
  pages =	 {1106--1111},
  language =	 {english}
}

@ARTICLE{10,
  AUTHOR =	 {Kanvar, M. V. and Kunreja, V. K. and Singh, S.},
  TITLE =	 {On Some Third-Order Iterative Methods for Solving
                  Nonlinear Equations},
  JOURNAL =	 {Appl. Math. Comput.},
  YEAR =	 2005,
  volume =	 171,
  pages =	 {272--280},
  language =	 {english}
}

@ARTICLE{11,
  AUTHOR =	 {Frontini, M. and Sormani, E.},
  TITLE =	 {Some Variant of Newton's Method with Third-Order
                  Convergence},
  JOURNAL =	 {Appl. Math. Comput.},
  YEAR =	 2003,
  volume =	 140,
  pages =	 {419--426},
  language =	 {english}
}

@ARTICLE{12,
  AUTHOR =	 {Weerakoon, S. and Fernando, T.~G.~I.},
  TITLE =	 {A Variant of Newton's Method with Accelerated
                  Third-Order Convergence},
  JOURNAL =	 {Appl. Math. Comput.},
  YEAR =	 2000,
  volume =	 13,
  pages =	 {87--93},
  language =	 {english}
}

@BOOK{12a,
  AUTHOR =	 {Бахвалов, Н. С. and Лапин, А. В. and Чижонков,
                  Е. В.},
  TITLE =	 {Численные методы в задачах и упражнениях},
  address =	 {М.},
  PUBLISHER =	 {Высшая школа},
  YEAR =	 2000,
  language =	 {russian}
}

@ARTICLE{14,
  AUTHOR =	 {Жанлав, Т. and Пузынин, И. В.},
  TITLE =	 {О сходимости итераций на основе непрерывного аналога
                  метода Ньютона},
  JOURNAL =	 {Журнал вычисл. матем. и матем. физ.},
  YEAR =	 1992,
  volume =	 32,
  number =	 6,
  pages =	 {846--856},
  language =	 {russian}
}

@BOOK{13,
  AUTHOR =	 {Porta, F. A. and Ptak, V.},
  TITLE =	 {Nondiscrete Induction and Iterative Processes},
  address =	 {Boston},
  PUBLISHER =	 {Pitman},
  YEAR =	 1984,
  volume =	 103,
  language =	 {english}
}

%%% Local Variables:
%%% mode: bibtex
%%% coding: cp1251-unix
%%% End:
