@Article{Bl,
  author =	 {Blumenthal, R. A.},
  title =	 {Cartan Connections in Folated Bundles},
  journal =	 {Michigan Math. J.},
  year =	 1984,
  volume =	 31,
  pages =	 {55--63},
  language =	 {english}
}

@Article{BH,
  author =	 {Blumenthal, R. A. and Hebda, J. J.},
  title =	 {Ehresmann Connections for Foliations},
  journal =	 {Indiana Univ. Math. J.},
  year =	 1984,
  volume =	 33,
  number =	 4,
  pages =	 {597--611},
  language =	 {english}
}

@Article{CZ,
  author =	 {Chubarov, G. V. and Zhukova, N. I.},
  title =	 {Aspects of the Qualitative Theory of Suspended
                  Foliations},
  journal =	 {J. of Difference Equations and Applications},
  year =	 2003,
  volume =	 9,
  numver =	 {3--4},
  pages =	 {393--405},
  language =	 {english}
}

@Article{Con,
  author =	 {Conlon, L.},
  title =	 {Transversally Parallelizable Foliations of
                  Codimension~2},
  journal =	 {Trans. Amer. Math. Soc.},
  year =	 1974,
  volume =	 194,
  pages =	 {79--102},
  language =	 {english}
}

@Book{AG,
  author =	 {D'Ambra, G. and Gromov, M.},
  title =	 {Lectures on Transformation Groups: Geometry and
                  Dynamics, Surveys in Differential Geometry
                  (Cambridge, Mass., 1990)},
  publisher =	 {Lehigh University},
  address =	 {Bethlehem, Penn.},
  year =	 1991,
  pages =	 {19--111},
  language =	 {english}
}

@Article{G,
  author =	 {Gromov, M.},
  title =	 {Rigid transformations groups},
  journal =	 {Geometrie Differentielle (Paris, 1986).  Travaux en
                  Cours},
  volume =	 33,
  publisher =	 {Hermann},
  address =	 {Paris},
  year =	 1988,
  pages =	 {65--139},
  language =	 {english}
}

@Article{HMV,
  author =	 {Hector, G. and Macias-Virgos, E.},
  title =	 {Diffeological Groups},
  journal =	 {Reseach and Exposition in Math.},
  year =	 2002,
  volume =	 25,
  pages =	 {247--260},
  language =	 {english}
}

@InBook{KT,
  author =	 {Kamber, F. and Tondeur, Ph.},
  title =	 {Foliated Bundles and Characteristic Classes},
  publisher =	 {Springer},
  year =	 1975,
  booktitle =	 {Lecture Notes in Math},
  volume =	 494,
  language =	 {english}
}

@Article{Kash,
  author =	 {Kashiwabara, S.},
  title =	 {The Decomposition of Differential Manifolds and its
                  Applications},
  journal =	 {Tohoku Math. J.},
  year =	 1959,
  volume =	 11,
  pages =	 {43--53},
  language =	 {english}
}

@Article{Les,
  author =	 {Leslie, J.},
  title =	 {A Remark on the Group of Automorphisms of a
                  Foliation Having a Dense Leaf},
  journal =	 {J. Diff. Geom.},
  year =	 1972,
  volume =	 7,
  pages =	 {597--601},
  language =	 {english}
}

@Book{Mol_book,
  author =	 {Molino, P.},
  title =	 {Riemannian Foliations. Progress in Math.},
  publisher =	 {Birkhauser Boston},
  year =	 1988,
  numpages =	 339,
  language =	 {english}
}

@Article{Wol,
  author =	 {Wolak, R. A.},
  title =	 {Foliated and Associated Geometric Structures on
                  Foliated Manifolds},
  journal =	 {Ann. Fac. Sci. Toulouse Math.},
  year =	 1989,
  volume =	 10,
  number =	 3,
  pages =	 {337--360},
  language =	 {english}
}

@Article{Wol_book,
  author =	 {Wolak, R. A.},
  title =	 {Geometric Structures on Foliated Manifolds},
  journal =	 {Publ. del Dep. de Geometria y Topologia, Universidad
                  de Santiago de Compostela},
  year =	 1989,
  volume =	 76,
  numpages =	 169,
  language =	 {english}
}

@Article{BZ,
  author =	 {Багаев, А. В. and Жукова, H. И.},
  title =	 {Группы изометрий римановых орбифолдов},
  journal =	 {Сиб. Мат. Журнал},
  year =	 2007,
  volume =	 48,
  number =	 4,
  pages =	 {723--741},
  language =	 {russian}
}

@Article{Bel,
  author =	 {Белько, И. В.},
  title =	 {Аффинные преобразования трансверсальной
                  проектируемой связности на многообразии со слоением},
  journal =	 {Мат. сборник},
  year =	 1982,
  volume =	 117,
  number =	 2,
  pages =	 {181--195},
  language =	 {russian}
}

@Article{ZhNNGU04,
  author =	 {Жукова, Н. И.},
  title =	 {Свойства графиков эресмановых слоений},
  journal =	 {Вестник ННГУ. Сер. Математика},
  year =	 2004,
  issue =	 1,
  pages =	 {73--87},
  language =	 {russian}
}

@Article{Minsets,
  author =	 {Жукова, Н. И.},
  title =	 {Минимальные множества картановых слоений},
  journal =	 {Труды матем. института им. В.А. Стеклова},
  year =	 2007,
  volume =	 256,
  pages =	 {115--147},
  language =	 {russian}
}

@Book{KN1,
  author =	 {Кобаяси, Ш. and Номидзу, К.},
  title =	 {Основы дифференциальной геометрии},
  address =	 {М.},
  publisher =	 {Наука},
  year =	 1981,
  volume =	 1,
  numpages =	 344,
  language =	 {russian}
}

@Book{Kob,
  author =	 {Кобаяси, Ш.},
  title =	 {Группы преобразований в дифференциальной геометрии},
  address =	 {М.},
  publisher =	 {Наука},
  year =	 1986,
  numpages =	 224,
  language =	 {russian}
}

@Book{Tam,
  author =	 {Тамура, И.},
  title =	 {Топология слоений},
  address =	 {М.},
  publisher =	 {Мир},
  year =	 1979,
  numpages =	 317,
  language =	 {russian}
}

%%% Local Variables:
%%% mode: bibtex
%%% coding: cp1251-unix
%%% End:
