@article{ex1,
  author = "A. Cisneros",
  journal = "Astrophys. Space Sci.",
  volume = 10,
  pages = 87,
  year = 1971
}

@article{ex2,
  author = "S. Carlip and R. Vera",
  journal = "Phys. Rev. D",
  section = "D",
  volume = 58,
  pages = 011345,
  year = 1998
}

@article{ex3,
  author = "K. Davies and G. Brown",
  journal = "J. High Energy Phys.",
  pages = "JHEP12(1997)002",
  year = 1997
}

@article{ex4,
  author = "D. Neilson and M. Choptuik",
  journal = "Class. Quantum Grav.",
  volume = 17,
  pages = 761,
  year = 2000,
  eprint = "gr-qc/9812053"
}

@unpublished{ex5,
  author = "M. Harrison",
  title = "Dipheomorphism-invariant manifolds",
  year = 1999,
  eprint = "hep-th/9909196"
}

@inbook{ex6,
  author = "L. I. Dorman",
  title = "Variations of Galactic Cosmic Rays",
  publisher = "Moscow State University Press",
  address = "Moscow",
  year = 1975,
  pages = 103
}

@inbook{ex7,
  author = "R. Caplar and P. Kulisic",
  title = "Proc. Int. Conf. on Nuclear Physics (Munich)",
  publisher = "North-Holland/American Elsevier",
  address = "Amsterdam",
  year = 1973,
  volume = 1,
  pages = 517
}

@incollection{ex8,
  author = "M. Morse",
  title = "Supersonic beam sources",
  booktitle = "Atomic Molecular and Optical Physics",
  editor = "F. B. Dunning and R. Hulet",
  series = "Experimental Methods in the Physical Sciences",
  volume = 29,
  publisher = "Academic",
  address = "San Diego",
  year = 1996
}

@article{bardeen1957:bcs,
  author = "J. Bardeen and L. N. Cooper and J. R. Schrieffer",
  journal = "Phys. Rev.",
  volume = 108,
  number = 5,
  pages = 1175,
  year = 1957
}

@article{caprio2005:coherent,
  author = "M. A. Caprio",
  journal = "J. Phys. A",
  section = "A",
  volume = 38,
  number = 28,
  pages = 6385,
  year =  2005
}

@article{zamfir2005:132te-beta-enam04,
  author = "N. V. Zamfir and others",
  journal = "Eur. Phys. J. A",
  section = "A",
  volume = 25,
  number = "s01",
  issue = "s01",
  year = 2005,
  pages = 389
}

@book{rose1957:am,
  author = "M. E. Rose",
  title = "Elementary Theory of Angular Momentum",
  publisher = "Wiley",
  address = "New York",
  year = 1957,
}

@book{dirac1958:qm,
  author = "P. A. M. Dirac",
  title = "The Principles of Quantum Mechanics",
  series = "The International Series of Monographs on Physics",
  number = 27,
  edition = 4,
  publisher = "Clarendon Press",
  address = "Oxford",
  year = 1967
}

@book{siegbahn1965:v1,
  editor = "K. Siegbahn",
  title = "Alpha-, Beta-, and Gamma-Ray Spectroscopy",
  booktitle = "Alpha-, Beta-, and Gamma-Ray Spectroscopy",
  publisher = "North-Holland",
  address = "Amsterdam",
  year = 1965,
  volume = 1
}

@incollection{bell1965:coin-lifetime,
  author = "R. E. Bell",
  title = "Coincidence Techniques and the Measurement of Short Mean Lives",
  editor = "K. Siegbahn",
  booktitle = "Alpha-, Beta-, and Gamma-Ray Spectroscopy",
  publisher = "North-Holland",
  address = "Amsterdam",
  year = 1965,
  volume = 2,
  pages = 905
}

@phdthesis{caprio2003:diss,
  author = "M. A. Caprio",
  school = "Yale University",
  year = 2003,
  eprint = "nucl-ex/0502004",
  archive = "arXiv"
}

@misc{doePC,
  author = "J. Doe",
  year = 2006,
  note = "private communication"
}

